<?xml version="1.0" encoding="UTF-8"?><collection xmlns="http://www.loc.gov/MARC21/slim"><record><leader>00677nam--2200229-u-4500</leader><controlfield tag="001">000050690</controlfield><controlfield tag="002">20161230</controlfield><controlfield tag="005">20161230201048</controlfield><controlfield tag="008">080313s1000------------r-----000-0-eng-d</controlfield><datafield ind1=" " ind2=" " tag="020"><subfield code="a">0471349682</subfield></datafield><datafield ind1=" " ind2=" " tag="040"><subfield code="a">IFIN-HH</subfield></datafield><datafield ind1=" " ind2=" " tag="080"><subfield code="a">538.9:53.082.52</subfield></datafield><datafield ind1="1" ind2=" " tag="100"><subfield code="a">Markel, Vadim A</subfield></datafield><datafield ind1="1" ind2="0" tag="245"><subfield code="a">Optics of Nanostructured Materials</subfield><subfield code="c">Vadim A. Markel; Thomas F. George (Eds.)</subfield></datafield><datafield ind1=" " ind2=" " tag="260"><subfield code="a">New York</subfield><subfield code="b">John Wiley</subfield><subfield code="c">2001</subfield></datafield><datafield ind1=" " ind2=" " tag="300"><subfield code="a">553 p</subfield></datafield><datafield ind1=" " ind2=" " tag="490"><subfield code="a">Wiley Series in Lasers and Applications</subfield></datafield><datafield ind1=" " ind2=" " tag="504"><subfield code="a">Includes Bibliographical References and Index</subfield></datafield><datafield ind1=" " ind2="4" tag="650"><subfield code="a">Nanostructure Materials</subfield></datafield><datafield ind1="1" ind2=" " tag="700"><subfield code="a">George, Thomas F</subfield><subfield code="e">Ed</subfield></datafield><datafield ind1=" " ind2=" " tag="852"><subfield code="c">538.9</subfield></datafield><datafield ind1=" " ind2=" " tag="CAT"><subfield code="a">Sys</subfield><subfield code="c">20110104</subfield><subfield code="h">144851</subfield></datafield></record></collection>